[gd_scene load_steps=7 format=2]

[ext_resource path="res://stages/base.tscn" type="PackedScene" id=1]
[ext_resource path="res://tileset/TileMapAuto.tscn" type="PackedScene" id=2]
[ext_resource path="res://entities/devices/spawner/spawner.tscn" type="PackedScene" id=3]
[ext_resource path="res://entities/actors/player/PlayerBase.tscn" type="PackedScene" id=4]
[ext_resource path="res://entities/hazards/projectile/arrow/Arrow.tscn" type="PackedScene" id=5]
[ext_resource path="res://entities/actors/creeper/PolygonCreeperBase.tscn" type="PackedScene" id=6]

[node name="Stage" index="0" instance=ExtResource( 1 )]

[node name="TileMapAuto" parent="Tiles" index="0" instance=ExtResource( 2 )]

modulate = Color( 0.582031, 0.0682068, 0.0682068, 1 )
tile_data = PoolIntArray( -65543, 0, 5, -131066, 0, 5, -7, 0, 65541, -65530, 0, 65541, 65529, 0, 65541, 6, 0, 65541, 131065, 0, 65541, 65542, 0, 65541, 196601, 0, 65541, 131078, 0, 65541, 262137, 0, 65542, 262138, 0, 196609, 262139, 0, 196609, 262140, 0, 196609, 262141, 0, 196609, 262142, 0, 196609, 262143, 0, 196609, 196608, 0, 196609, 196609, 0, 196609, 196610, 0, 196609, 196611, 0, 196609, 196612, 0, 196609, 196613, 0, 196609, 196614, 0, 65543 )

[node name="player_spawner" parent="Entities" index="1" instance=ExtResource( 3 )]

editor/display_folded = true
position = Vector2( 135.423, -278.37 )
rotation = 1.5708
_sections_unfolded = [ "Transform" ]
Entity = ExtResource( 4 )

[node name="Timer" type="Timer" parent="Entities/player_spawner" index="0"]

process_mode = 1
wait_time = 3.0
one_shot = false
autostart = true

[node name="arrow_spawner" parent="Entities" index="2" instance=ExtResource( 3 )]

editor/display_folded = true
position = Vector2( 350.596, 37.6175 )
Entity = ExtResource( 5 )

[node name="Timer" type="Timer" parent="Entities/arrow_spawner" index="0"]

process_mode = 1
wait_time = 0.6
one_shot = false
autostart = true

[node name="enemy_spawner" parent="Entities" index="3" instance=ExtResource( 3 )]

editor/display_folded = true
position = Vector2( 246.771, -82.7586 )
Entity = ExtResource( 6 )

[node name="Timer" type="Timer" parent="Entities/enemy_spawner" index="0"]

process_mode = 1
wait_time = 7.0
one_shot = false
autostart = true

[node name="StageTransition" parent="HUD" index="0"]

visible = false

[connection signal="timeout" from="Entities/player_spawner/Timer" to="Entities/player_spawner" method="_spawn"]

[connection signal="timeout" from="Entities/arrow_spawner/Timer" to="Entities/arrow_spawner" method="_spawn"]

[connection signal="timeout" from="Entities/enemy_spawner/Timer" to="Entities/enemy_spawner" method="_spawn"]


